@article{cobanmai2021,
author  = {Derya Coban und Joel Mai},
title   = {Traditions- und Kultur Sharing am Beispiel:
Generations√ºbergreifendes Kochen},
journal = {Entwicklungsprojekt},
year    = {2021},
}