@misc{ cobanmai2021,
author  = {Derya Coban und Joel Mai},
title = {Traditions- und Kultur Sharing am Beispiel: Generationsübergreifendes Kochen},
year = "2021",
howpublished = "\url{https://github.com/Inf166/PeerToPeerSharingOfCookingRecipies}",
note = "[Online; accessed 30-March-2021]"
}
@misc{ bpb2021fastfood,
author  = {Bildung, Bundeszentrale},
title = {Fast Food},
year = "2021",
howpublished = "\url{https://www.bpb.de/nachschlagen/zahlen-und-fakten/globalisierung/52774/fast-food}",
note = "[Online; accessed 11-May-2021]"
}
@misc{ bpb2021fastfoodtopic,
author  = {Bildung, Bundeszentrale},
title = {Fast Food Themengrafik},
year = "2021",
howpublished = "\url{https://www.bpb.de/nachschlagen/zahlen-und-fakten/globalisierung/256161/themengrafik-fast-food}",
note = "[Online; accessed 11-May-2021]"
}
@misc{ karena2021,
author  = {Karena},
title = {GRIN - Die Folgen Der Globalisierung Auf Kulturelle Identität Am Beispiel Der Hiphop-Kultur},
year = "2021",
howpublished = "\url{https://www.grin.com/document/43673}",
note = "[Online; accessed 11-May-2021]"
}
@misc{ netformic2020,
author  = {NETFORMIC},
title = {PWA - Das App Modell Der Zukunft},
year = "2020",
howpublished = "\url{https://netformic.com/pwa-app-modell-der-zukunft/}",
note = "[Online; accessed 13-May-2021]"
}    
@misc{ webdev2021,
author  = {Pete LePage, Web.Dev.},
title = {Storage For The Web},
year = "2021",
howpublished = "\url{https://web.dev/storage-for-the-web/#how-much}",
note = "[Online; accessed 13-May-2021]"
}    
@misc{ solance2012,
author  = {Larry Neumann, Solace},
title = {Why Peer To Peer Is A Flawed Architecture For Most Messaging Needs},
year = "2012",
howpublished = "\url{https://solace.com/blog/why-p2p-is-flawed-for-most-messaging-needs/}",
note = "[Online; accessed 13-May-2021]"
}