@misc{ cobanmai2021,
author  = {Derya Coban und Joel Mai},
title = {Traditions- und Kultur Sharing am Beispiel: Generationsübergreifendes Kochen},
year = "2021",
howpublished = "\url{https://github.com/Inf166/PeerToPeerSharingOfCookingRecipies}",
note = "[Online; accessed 30-March-2021]"
}
@misc{ waandfb2021,
author = {Vodafone},
title = {WhatsApp und Facebook: Das Messenger-Monopol},
year = "2021",
howpublished = "\url{https://www.vodafone.de/business/featured/digitales-business/digitale-kundenbeziehungen/whatsapp-und-facebook-das-messenger-monopol/}",
note = "[Online; retrieved 30-March-2021]"
}
@misc{ gehringirights2021,
author = {Gehring, R.},
title = {Kochrezepte: Nichts anbrennen lassen},
year = "2021",
howpublished = "\url{https://irights.info/artikel/nichts-anbrennen-lassen/5523}",
note = "[Online; retrieved 30-March-2021]"
}
@misc{ gelbeseitenrezepte2021,
author = {Gelbeseiten},
title = {Rezepte im Internet: Wem gehören die Kochideen?},
year = "2021",
howpublished = "\url{https://www.gelbeseiten.de/ratgeber/rf/Rezepte-im-Internet-Wem-gehoeren-die-Kochideen}",
note = "[Online; retrieved 30-March-2021]"
}    
@misc{ wohncorerezepte2021,
author = {wohncore},
title = {Rezepte sinnvoll aufbewahren},
year = "2015",
howpublished = "\url{https://www.wohncore.de/freitag-ist-ordnungstag-rezepte-sinnvoll-aufbewahren/}",
note = "[Online; retrieved 30-March-2021]"
}   
@misc{ umrechnenbeimbacken2021,
author = {Backen Macht Glücklich},
title = {Masse, Gewichte und Umrechnungen Beim Backen},
year = "2021",
howpublished = "\url{https://www.backenmachtgluecklich.de/wissenswertes/masse-gewichte-und-umrechnungen}",
note = "[Online; retrieved 30-March-2021]"
}
@misc{ glidzifug2021,
author = {Gut-Leben-In-Deutschland.De},
title = {Zusammenhalten In Familie Und Gesellschaft},
year = "2021",
howpublished = "\url{https://www.gut-leben-in-deutschland.de/bericht/zusammenhalt/}",
note = "[Online; retrieved 30-March-2021]"
}    
@misc{ weberprivat2021,
author = {Weber, Karsten},
title = {Privates Wird Öffentlich, Öffentliches Privat},
year = "2006",
howpublished = "\url{https://www.heise.de/tp/features/Privates-wird-oeffentlich-Oeffentliches-privat-3406601.html}",
note = "[Online; retrieved 30-March-2021]"
}    
@misc{ tissleraws2021,
author = {Tissler, Jan},
title = {Amazon Web Services: Das (Fast) Unsichtbare Rückgrat Des Internets},
year = "2019",
howpublished = "\url{https://upload-magazin.de/33219-amazon-web-services/}",
note = "[Online; retrieved 30-March-2021]"
}    
@misc{ lindauerhttps2021,
author = {Lindauer, Ina},
title = {HTTPS – Für Mehr Sicherheit Im Internet},
year = "2016",
howpublished = "\url{https://www.nurguteseiten.com/1491/https-fuer-mehr-sicherheit-im-internet/}",
note = "[Online; retrieved 30-March-2021]"
}    
@misc{ wbveepcd2021,
author = {Praxistipps.Chip.De},
title = {Was Bedeutet Verifizieren - Einfach Erklärt},
year = "2021",
howpublished = "\url{https://praxistipps.chip.de/was-bedeutet-verifizieren-einfach-erklaert_50510}",
note = "[Online; retrieved 30-March-2021]"
}    